@misc{LinkedListVSArray,
  title={Linked List vs Array},
  author={Geeks for Geeks},
  editor={{Geeks}--for--{Geeks}},
  url={https://www.geeksforgeeks.org/linked-list-vs-array/}
}
@misc{DataStructures,
  title={Data Structures},
  author={Geeks for Geeks},
  editor={{Geeks}--for--{Geeks}},
  url={https://www.geeksforgeeks.org/data-structures/}
}
@article{parlante2001linked,
  title={Linked list basics},
  author={Parlante, Nick},
  journal={Stanford CS Education Library},
  volume={1},
  pages={25},
  year={2001}
}